@article{Zhang1997,
author = {Zhang, C and Vasmatzis, G and Cornette, J L and DeLisi, C},
journal = {Journal of molecular biology},
number = {3},
pages = {707--726},
title = {{Determination of atomic desolvation energies from the structures of crystallized proteins.}},
volume = {267},
year = {1997}
}

@article{ballview,
author = {Moll, Andreas and Hildebrandt, Andreas and Lenhof, Hans-Peter and Kohlbacher, Oliver},
journal = {Bioinformatics},
number = {3},
pages = {365--366},
title = {{BALLView: a tool for research and education in molecular modeling.}},
volume = {22},
year = {2006}
}


@article{pdb,
author = {Hamelryck, Thomas and Manderick, Bernard},
journal = {Bioinformatics},
number = {17},
pages = {2308--2310},
title = {{PDB file parser and structure class implemented in Python}},
volume = {19},
year = {2003}
}

@article{Miyazawa1996,
author = {Miyazawa, S and Jernigan, R L},
journal = {Journal of molecular biology},
number = {3},
pages = {623--644},
title = {{Residue-residue potentials with a favorable contact pair term and an unfavorable high packing density term, for simulation and threading.}},
volume = {256},
year = {1996}
}

@article{scipy,
author = {Oliphant, Travis E},
journal = {Computing in Science and Engineering},
pages = {10--20},
title = {{SciPy: Open source scientific tools for Python}},
volume = {9},
year = {2007}
}


